@misc{gfg_rto,
  title = {{Geeks for Geeks TCP timers}},
  howpublished = {\url{https://www.geeksforgeeks.org/tcp-timers/}},
}

@misc{ergasia2,
  title = {{Εκφώνηση της εργασίας Java socket programming του μαθήματος Δίκτυα Υπολογιστών ΙΙ}},
  howpublished = {\url{https://drive.google.com/file/d/1vvmSKQx-HK5xv2gjL99AdWLdrV78Btxb/view?usp=sharing}},
}

@misc{rfc,
  title = {{RFC: Computing TCP's Retransmission Timer}},
  howpublished = {\url{https://tools.ietf.org/html/rfc6298}}},
}

@misc{saminir,
  title = {{Let's code a TCP-IP stack, Retransmission}},
  howpublished = {\url{https://www.saminiir.com/lets-code-tcp-ip-stack-5-tcp-retransmission/}}},
}

